%%%%%%%%%%% mgk.bib %%%%%%%%%%%%%%%%%%%

@BOOK{
	AD_savine,
	author = "Savine, Antoine",
	title = "Modern Computational Finance: AAD and Parallel Simulations",
	year = "2018",
	isbn = "1119539455",
	publisher = "Wiley Publishing",
	edition = "1st"
}


@ONLINE
{
	Joel_Grus,
	author = "Joel Grus",
	title = "Autograd",
	year = 2019,
	url = "https://github.com/joelgrus/autograd",
	urldate = "January 12, 2019"
}

@ONLINE
{
	MNIST,
	author =  "Yann, LeCun and Leon, Bottou and  Yoshua, Bengio and  Patrick, Haffner",
	title = "The MNIST Dataset",
	year = 1998,
	url = "http://yann.lecun.com/exdb/mnist/",
}


@ONLINE
{
	cs231,
	author = "Fei-Fei Li",
	title = "CS231n: Convolutional Neural Networks for Visual Recognition Lecture Notes",
	year = 2020,
	url = "https://cs231n.github.io",
}



%%%%%%%%%%%%% end %%%%%%%%%%%%%%%%%%%%%%
